@manual{V606,
  author = {TU Dortmund},
  title = {V606 - Messung Suszeptibilit√§t paramagnetischer Substanzen},
  year = 2019
}
